@misc{NetHack_page,
  author = { Michael Allison },
  title = {NetHack},
  note = { \url{https://www.nethack.org/}, accessed 9\textsuperscript{th} September 2021},
  year = {1987}
}

@misc{Hack,
  author = { Jay Fenlason },
  title = {Hack},
  year = {1984}
}

@misc{Rogue,
  author = { Michael Toy, Glenn Wichman },
  title = {Rogue},
  year = {1980},
  organization = {	Epyx}
}

@misc{AFL_page,
  author  = { Michal Zalewski },
  title   = {American fuzzy lop},
  note    = { \url{https://lcamtuf.coredump.cx/afl/} accessed 9\textsuperscript{th} September 2021},
  url     = { \url{https://lcamtuf.coredump.cx/afl/} },
  urldate = {September 9 2021},
  year    = {2014}
}

@misc{Barton1988,
  author = { Barton P. Miller },
  title = {Fall 1988 CS736 Project List},
  note = { \url{http://pages.cs.wisc.edu/~bart/fuzz/CS736-Projects-f1988.pdf}, accessed 9\textsuperscript{th} September 2021},
  year = {1988},
  organization = { Computer Sciences Department, University of Wisconsin-Madison }
}

@article{Miller1990,
  title={An empirical study of the reliability of UNIX utilities},
  author={Miller, Barton P and Fredriksen, Louis and So, Bryan},
  journal={Communications of the ACM},
  volume={33},
  number={12},
  pages={32--44},
  year={1990},
  publisher={ACM New York, NY, USA}
}

